@article{wang2023comprehensive,
	title={A comprehensive survey of continual learning: Theory, method and application},
	author={Wang, Liyuan and Zhang, Xingxing and Su, Hang and Zhu, Jun},
	journal={arXiv preprint arXiv:2302.00487},
	year={2023}
}
@article{szegedy2013intriguing,
	title={Intriguing properties of neural networks},
	author={Szegedy, Christian and Zaremba, Wojciech and Sutskever, Ilya and Bruna, Joan and Erhan, Dumitru and Goodfellow, Ian and Fergus, Rob},
	journal={arXiv preprint arXiv:1312.6199},
	year={2013}
}